<?xml version="1.0" encoding="UTF-8"?><collection xmlns="http://www.loc.gov/MARC21/slim"><record><leader>00376nam--2200121-i-4500</leader><controlfield tag="001">000026145</controlfield><controlfield tag="002">20161230</controlfield><controlfield tag="005">20161230201036</controlfield><controlfield tag="008">060222s1000------------r-----000-0-eng-d</controlfield><datafield ind1=" " ind2=" " tag="100"><subfield code="a">Johnson, E. R</subfield></datafield><datafield ind1=" " ind2=" " tag="245"><subfield code="a">Effects of nuclear radiation to electron tube materials. quaterly report period: 1.06-1.08.1959</subfield></datafield><datafield ind1=" " ind2=" " tag="260"><subfield code="a">Hoboken, N. J.., Stevens Inst. Of Techn., 1959</subfield></datafield><datafield ind1=" " ind2=" " tag="852"><subfield code="a">16305</subfield></datafield></record></collection>